<record><leader>00000cas a2200000 a 4500</leader><controlfield tag="001">36319763</controlfield><controlfield tag="008">970204d19131953miuwr n       0    0eng c</controlfield><datafield ind1=" " ind2=" " tag="010"><subfield code="a">sn 97063121 </subfield></datafield><datafield ind1=" " ind2=" " tag="040"><subfield code="a">MHN</subfield><subfield code="b">eng</subfield><subfield code="c">MHN</subfield><subfield code="d">OCL</subfield><subfield code="d">OCLCQ</subfield><subfield code="d">OCLCO</subfield><subfield code="d">OCLCF</subfield></datafield><datafield ind1="1" ind2=" " tag="029"><subfield code="a">AU@</subfield><subfield code="b">000013092640</subfield></datafield><datafield ind1=" " ind2=" " tag="042"><subfield code="a">pcc</subfield></datafield><datafield ind1=" " ind2=" " tag="043"><subfield code="a">n-us-mi</subfield></datafield><datafield ind1="0" ind2="0" tag="245"><subfield code="a">Stanton clipper-herald.</subfield></datafield><datafield ind1="1" ind2="7" tag="246"><subfield code="a">Clipper-herald</subfield></datafield><datafield ind1=" " ind2=" " tag="260"><subfield code="a">Stanton, Mich. :</subfield><subfield code="b">N.W. Newhouse</subfield></datafield><datafield ind1=" " ind2=" " tag="300"><subfield code="a">v.</subfield></datafield><datafield ind1=" " ind2=" " tag="310"><subfield code="a">Weekly</subfield></datafield><datafield ind1="0" ind2=" " tag="362"><subfield code="a">Vol. 34, no. 32 (Mar. 21, 1913)-v. 77, no. 17 (Oct. 29, 1953).</subfield></datafield><datafield ind1=" " ind2=" " tag="515"><subfield code="a">Issue called: Vol. 66, no. 44 (June 18, 1945) but constitutes May 18, 1945.</subfield></datafield><datafield ind1=" " ind2=" " tag="580"><subfield code="a">Formed by the union of: Stanton weekly clipper, and: Montcalm herald.</subfield></datafield><datafield ind1=" " ind2="0" tag="651"><subfield code="a">Stanton (Mich.)</subfield><subfield code="v">Newspapers.</subfield></datafield><datafield ind1=" " ind2="0" tag="651"><subfield code="a">Montcalm County (Mich.)</subfield><subfield code="v">Newspapers.</subfield></datafield><datafield ind1=" " ind2="7" tag="655"><subfield code="a">Newspapers.</subfield><subfield code="2">fast</subfield><subfield code="0">(OCoLC)fst01423814</subfield></datafield><datafield ind1=" " ind2="7" tag="651"><subfield code="a">Michigan</subfield><subfield code="z">Montcalm County.</subfield><subfield code="2">fast</subfield><subfield code="0">(OCoLC)fst01214746</subfield></datafield><datafield ind1=" " ind2="7" tag="651"><subfield code="a">Michigan</subfield><subfield code="z">Stanton.</subfield><subfield code="2">fast</subfield><subfield code="0">(OCoLC)fst01927413</subfield></datafield><datafield ind1=" " ind2=" " tag="752"><subfield code="a">United States</subfield><subfield code="b">Michigan</subfield><subfield code="c">Montcalm</subfield><subfield code="d">Stanton.</subfield></datafield><datafield ind1="1" ind2="4" tag="780"><subfield code="t">Stanton weekly clipper</subfield><subfield code="w">(DLC)sn 97063120</subfield><subfield code="w">(OCoLC)36320373</subfield></datafield><datafield ind1="1" ind2="4" tag="780"><subfield code="t">Montcalm herald</subfield><subfield code="w">(DLC)sn 85026581</subfield><subfield code="w">(OCoLC)12288253</subfield></datafield><datafield ind1="0" ind2="0" tag="785"><subfield code="t">Clipper-herald (Stanton, Mich.)</subfield><subfield code="w">(DLC)sn 97063122</subfield><subfield code="w">(OCoLC)36318894</subfield></datafield></record>